@inproceedings{BVD20,
  author    = {Bilibashi, D. and Vitucci, E. M. and Degli-Esposti, V.},
  booktitle = {2020 14th European Conference on Antennas and Propagation (EuCAP)},
  title     = {Dynamic Ray Tracing: Introduction and Concept},
  year      = {2020},
  volume    = {},
  number    = {},
  pages     = {1-5},
  doi       = {10.23919/EuCAP48036.2020.9135577}
}

@article{Cha08,
  author  = {Chandak, A. and Lauterbach, C. and Taylor, M. and Ren, Z. and Manocha, D.},
  journal = {IEEE Transactions on Visualization and Computer Graphics},
  title   = {AD-Frustum: Adaptive Frustum Tracing for Interactive Sound Propagation},
  year    = {2008},
  volume  = {14},
  number  = {6},
  pages   = {1707-1722},
  doi     = {10.1109/TVCG.2008.111}
}

@article{CW88,
  author  = {Cleary, J.G. and Wyvill, G.},
  journal = {The Visual Computer},
  year    = {1988},
  volume  = {4},
  pages   = {65-83},
  doi     = {10.1007/BF01905559}
}

@phdthesis{Ha00,
  author = {Havran, V.},
  year   = {2000},
  month  = {11},
  pages  = {},
  title  = {Heuristic Ray Shooting Algorithms},
  school = {Czech Technical University, Prague}
}

@inproceedings{RS10,
  author    = {Raghuvanshi, N. and Snyder, J. and Mehra, R. and Lin, M. and Govindaraju, N.},
  title     = {Precomputed wave simulation for real-time sound propagation of dynamic sources in complex scenes},
  year      = {2010},
  isbn      = {9781450302104},
  publisher = {Association for Computing Machinery},
  address   = {New York, NY, USA},
  doi       = {10.1145/1833349.1778805},
  booktitle = {ACM SIGGRAPH 2010 Papers},
  articleno = {68},
  numpages  = {11},
  location  = {Los Angeles, California},
  series    = {SIGGRAPH '10}
}

@article{SS15,
  author  = {Savioja, L. and Svensson, U.P.},
  title   = {{Overview of geometrical room acoustic modeling techniques}},
  journal = {The Journal of the Acoustical Society of America},
  volume  = {138},
  number  = {2},
  pages   = {708-730},
  year    = {2015},
  month   = {08},
  issn    = {0001-4966},
  doi     = {10.1121/1.4926438}
}

@article{Cl76,
  author     = {Clark, J.H.},
  title      = {Hierarchical geometric models for visible surface algorithms},
  year       = {1976},
  issue_date = {Oct. 1976},
  publisher  = {Association for Computing Machinery},
  address    = {New York, NY, USA},
  volume     = {19},
  number     = {10},
  issn       = {0001-0782},
  doi        = {10.1145/360349.360354},
  journal    = {Commun. ACM},
  month      = {10},
  pages      = {547â€“554},
  numpages   = {8},
  keywords   = {visible surface algorithms, hierarchical data structures, hidden surface algorithms, geometric models}
}

@inproceedings{FI85,
  author    = {Fujimoto, A. and Iwata, K.},
  editor    = {Kunii, Tosiyasu L.},
  title     = {Accelerated Ray Tracing},
  booktitle = {Computer Graphics},
  year      = {1985},
  publisher = {Springer Japan},
  address   = {Tokyo},
  pages     = {41--65},
  isbn      = {978-4-431-68030-7}
}

@misc{He23,
  title        = {Rust Binary Analysis, Feature By Feature},
  howpublished = {\url{https://research.checkpoint.com/2023/rust-binary-analysis-feature-by-feature/}},
  note         = {Accessed: 2024-02-16},
  author       = {Herzog, B.},
  year         = {2023}
}

@book{AS48,
  title     = {Handbook of Mathematical Functions with Formulas, Graphs, and Mathematical Tables},
  author    = {Abramowitz, M. and United States. National Bureau of Standards and Stegun, I.A.},
  lccn      = {49003786},
  issn      = {1049-4685},
  series    = {Applied Mathematics Series},
  year      = {1948},
  publisher = {U.S. Government Printing Office}
}

@article{Fl15,
  author     = {Flocke, N.},
  title      = {Algorithm 954: An Accurate and Efficient Cubic and Quartic Equation Solver for Physical Applications},
  year       = {2015},
  issue_date = {October 2015},
  publisher  = {Association for Computing Machinery},
  address    = {New York, NY, USA},
  volume     = {41},
  number     = {4},
  issn       = {0098-3500},
  doi        = {10.1145/2699468},
  journal    = {ACM Trans. Math. Softw.},
  month      = {10},
  articleno  = {30},
  numpages   = {24}
}

@article{Wh80,
  author    = {Whitted, T.},
  title     = {An Improved Illumination Model for Shaded Display},
  year      = {1980},
  publisher = {Association for Computing Machinery},
  volume    = {23},
  number    = {6},
  pages     = {343--349},
  doi       = {10.1145/358876.358882},
  journal   = {Communications of the ACM}
}

@book{Er04,
  title     = {Real-Time Collision Detection},
  author    = {Ericson, C.},
  year      = {2004},
  publisher = {Crc Press}
}

@book{SM09,
  title     = {Fundamentals of Computer Graphics},
  author    = {Shirley, P. and Marschner, S.},
  isbn      = {9781568814698},
  lccn      = {2009022183},
  year      = {2009},
  publisher = {Taylor \& Francis}
}

@mastersthesis{Th17,
  month  = {01},
  title  = {Wayverb: A Graphical Tool for Hybrid Room Acoustics Simulation},
  school = {University of Huddersfield},
  author = {Thomas, M.R.},
  year   = {2017},
  url    = {http://eprints.hud.ac.uk/id/eprint/33919/}
}

@article{HT92,
  author  = {Hsiung, P. and Thibadeau, R.},
  title   = {Accelerating ARTS},
  journal = {The Visual Computer},
  year    = {1992},
  month   = {5},
  day     = {01},
  volume  = {8},
  number  = {3},
  pages   = {181-190},
  issn    = {1432-2315},
  doi     = {10.1007/BF01902138}
}

@mastersthesis{Kr17,
  title  = {On The Musicality Of Architecture},
  school = {Eindhoven University Of Technology},
  author = {Krijnen, T.F.},
  year   = {2012},
  url    = {https://pure.tue.nl/ws/portalfiles/portal/46912734/749287-1.pdf}
}

@misc{AB18,
  title        = {Room acoustic descriptors - RT, C50 and Strength/Gain},
  howpublished = {\url{https://www.acousticbulletin.com/room-acoustic-descriptors-rt-c50-and-gain/}},
  note         = {Accessed: 2024-03-19},
  author       = {Acoustic Bulletin},
  year         = {2018}
}

@article{PMG22,
  title   = {A Complete Analysis of Clarity (C50) Using I-SIMPA to Maintain Ideal Conditions in an Acoustic Chamber.},
  author  = {Pillai, R.A. and Murugan, S.S. and Gupta, G.},
  journal = {Sound \& Vibration},
  volume  = {56},
  number  = {1},
  year    = {2022}
}