@inproceedings{BVD20,
  author    = {Bilibashi, D. and Vitucci, E. M. and Degli-Esposti, V.},
  booktitle = {2020 14th European Conference on Antennas and Propagation (EuCAP)},
  title     = {Dynamic Ray Tracing: Introduction and Concept},
  year      = {2020},
  volume    = {},
  number    = {},
  pages     = {1-5},
  doi       = {10.23919/EuCAP48036.2020.9135577}
}

@article{Cha08,
  author  = {Chandak, Anish and Lauterbach, Christian and Taylor, Micah and Ren, Zhimin and Manocha, Dinesh},
  journal = {IEEE Transactions on Visualization and Computer Graphics},
  title   = {AD-Frustum: Adaptive Frustum Tracing for Interactive Sound Propagation},
  year    = {2008},
  volume  = {14},
  number  = {6},
  pages   = {1707-1722},
  doi     = {10.1109/TVCG.2008.111}
}

@article{CW88,
  author  = {Cleary, John G. and Wyvill, Geoff},
  journal = {The Visual Computer},
  year    = {1988},
  volume  = {4},
  pages   = {65-83},
  doi     = {10.1007/BF01905559}
}

@phdthesis{Ha00,
  author = {Havran, Vlastimil},
  year   = {2000},
  month  = {11},
  pages  = {},
  title  = {Heuristic Ray Shooting Algorithms},
  school = {Czech Technical University, Prague}
}

@inproceedings{RS10,
  author    = {Raghuvanshi, Nikunj and Snyder, John and Mehra, Ravish and Lin, Ming and Govindaraju, Naga},
  title     = {Precomputed wave simulation for real-time sound propagation of dynamic sources in complex scenes},
  year      = {2010},
  isbn      = {9781450302104},
  publisher = {Association for Computing Machinery},
  address   = {New York, NY, USA},
  url       = {https://doi.org/10.1145/1833349.1778805},
  doi       = {10.1145/1833349.1778805},
  booktitle = {ACM SIGGRAPH 2010 Papers},
  articleno = {68},
  numpages  = {11},
  location  = {Los Angeles, California},
  series    = {SIGGRAPH '10}
}

@article{SS15,
  author  = {Savioja, Lauri and Svensson, U. Peter},
  title   = {{Overview of geometrical room acoustic modeling techniques}},
  journal = {The Journal of the Acoustical Society of America},
  volume  = {138},
  number  = {2},
  pages   = {708-730},
  year    = {2015},
  month   = {08},
  issn    = {0001-4966},
  doi     = {10.1121/1.4926438},
  url     = {https://doi.org/10.1121/1.4926438},
  eprint  = {https://pubs.aip.org/asa/jasa/article-pdf/138/2/708/13242401/708\_1\_online.pdf}
}

@article{Cl76,
  author     = {Clark, James H.},
  title      = {Hierarchical geometric models for visible surface algorithms},
  year       = {1976},
  issue_date = {Oct. 1976},
  publisher  = {Association for Computing Machinery},
  address    = {New York, NY, USA},
  volume     = {19},
  number     = {10},
  issn       = {0001-0782},
  url        = {https://doi.org/10.1145/360349.360354},
  doi        = {10.1145/360349.360354},
  journal    = {Commun. ACM},
  month      = {10},
  pages      = {547â€“554},
  numpages   = {8},
  keywords   = {visible surface algorithms, hierarchical data structures, hidden surface algorithms, geometric models}
}

@inproceedings{FI85,
  author    = {Fujimoto, Akira and Iwata, Kansei},
  editor    = {Kunii, Tosiyasu L.},
  title     = {Accelerated Ray Tracing},
  booktitle = {Computer Graphics},
  year      = {1985},
  publisher = {Springer Japan},
  address   = {Tokyo},
  pages     = {41--65},
  isbn      = {978-4-431-68030-7}
}

@misc{He23,
  title        = {Rust Binary Analysis, Feature By Feature},
  howpublished = {\url{https://research.checkpoint.com/2023/rust-binary-analysis-feature-by-feature/}},
  note         = {Accessed: 2024-02-16},
  author       = {Herzog, Ben}
}